[gd_scene load_steps=13 format=3 uid="uid://ddlbhbtnrhra7"]

[ext_resource type="Script" path="res://playground/world.gd" id="1_tg0q3"]
[ext_resource type="PackedScene" uid="uid://gu66nqrtysmh" path="res://scenes/components/camera_follower.tscn" id="2_bonnl"]
[ext_resource type="PackedScene" uid="uid://cb7ekyg1ov7jg" path="res://scenes/entities/moon.tscn" id="3_8x0s4"]
[ext_resource type="PackedScene" uid="uid://s0v6065g220w" path="res://scenes/entities/earth.tscn" id="4_y5vwk"]
[ext_resource type="PackedScene" uid="uid://bkkba76m2sxeo" path="res://scenes/components/debug_vector.tscn" id="5_s5tj4"]
[ext_resource type="PackedScene" uid="uid://cgg0idcklrhbl" path="res://scenes/components/breadcrumbs.tscn" id="6_0xp0j"]
[ext_resource type="PackedScene" uid="uid://jdd4h8fbx6cb" path="res://scenes/entities/volcano.tscn" id="6_opi8m"]
[ext_resource type="PackedScene" uid="uid://dnq0w10abgs1k" path="res://scenes/components/cloud.tscn" id="6_u154j"]
[ext_resource type="PackedScene" uid="uid://bpi3l8dn0hls8" path="res://scenes/entities/village.tscn" id="7_1o8ss"]
[ext_resource type="PackedScene" uid="uid://dgfyri3raiv6l" path="res://scenes/entities/space_car.tscn" id="8_ffudk"]
[ext_resource type="PackedScene" uid="uid://blhw0kk6qrpb2" path="res://scenes/entities/satellite.tscn" id="10_o143v"]
[ext_resource type="PackedScene" uid="uid://dvdixxpy2tgkx" path="res://scenes/components/background.tscn" id="12_roxax"]

[node name="World" type="Node"]
script = ExtResource("1_tg0q3")

[node name="Background" parent="." node_paths=PackedStringArray("camera") instance=ExtResource("12_roxax")]
elements = 32
camera = NodePath("../CameraFollower")

[node name="Earth" parent="." instance=ExtResource("4_y5vwk")]
position = Vector2(480, 1500)

[node name="Node2D" type="Node2D" parent="."]

[node name="Line2D" type="Line2D" parent="."]
points = PackedVector2Array(0, 0, 0, 0)
width = 1.0

[node name="Moon" parent="." node_paths=PackedStringArray("earth") instance=ExtResource("3_8x0s4")]
position = Vector2(240, 270)
gravity_scale = 0.0
earth = NodePath("../Earth")

[node name="Breadcrumbs" parent="." node_paths=PackedStringArray("_moon", "_earth") instance=ExtResource("6_0xp0j")]
points = PackedVector2Array()
_moon = NodePath("../Moon")
_earth = NodePath("../Earth")

[node name="Cloud" parent="." instance=ExtResource("6_u154j")]
position = Vector2(480, 1500)

[node name="Volcano" parent="." instance=ExtResource("6_opi8m")]
position = Vector2(1064, 677)
rotation = 0.619592

[node name="Village" parent="." instance=ExtResource("7_1o8ss")]
position = Vector2(480, 480)

[node name="CameraFollower" parent="." node_paths=PackedStringArray("earth") instance=ExtResource("2_bonnl")]
position = Vector2(480, 270)
earth = NodePath("../Earth")

[node name="Label" type="Label" parent="CameraFollower"]
offset_left = -480.0
offset_top = -270.0
offset_right = -391.0
offset_bottom = -244.0
size_flags_vertical = 1
text = "Hello world"

[node name="ImpulseVector" parent="CameraFollower" instance=ExtResource("5_s5tj4")]
color = Color(0.568627, 1, 0.482353, 1)

[node name="GravityVector" parent="CameraFollower" instance=ExtResource("5_s5tj4")]
reference = Vector2(0, 1)

[node name="Satellite" parent="." instance=ExtResource("10_o143v")]
position = Vector2(794, 332)
mass = 1.0

[node name="SpaceCar" parent="." instance=ExtResource("8_ffudk")]
position = Vector2(618, 343)
